<?xml version="1.0" encoding="UTF-8"?><collection xmlns="http://www.loc.gov/MARC21/slim"><record><leader>00560nam--2200193-i-4500</leader><controlfield tag="001">000012710</controlfield><controlfield tag="002">20161230</controlfield><controlfield tag="005">20161230201029</controlfield><controlfield tag="008">060222s1000------------r-----000-0-rus-d</controlfield><datafield ind1=" " ind2=" " tag="040"><subfield code="a">IFIN-HH</subfield></datafield><datafield ind1=" " ind2=" " tag="041"><subfield code="a">rus</subfield></datafield><datafield ind1=" " ind2=" " tag="080"><subfield code="a">539.1</subfield></datafield><datafield ind1="1" ind2=" " tag="100"><subfield code="a">Goldanskii, V.I</subfield></datafield><datafield ind1=" " ind2=" " tag="245"><subfield code="a">Statistika otscetov pri registratii iadernih ceastit</subfield><subfield code="c">V.i. goldanskii, a.v. kutenko, m.i. podgoretkii</subfield></datafield><datafield ind1=" " ind2=" " tag="260"><subfield code="a">Moskva</subfield><subfield code="b">Fiziko-matematiceskoi Literaturi</subfield><subfield code="c">1959</subfield></datafield><datafield ind1=" " ind2=" " tag="300"><subfield code="a">411P</subfield></datafield><datafield ind1="1" ind2=" " tag="700"><subfield code="a">Podgoretkii, M.I</subfield></datafield><datafield ind1=" " ind2=" " tag="852"><subfield code="a">6633</subfield><subfield code="c">539.1.07:539.1.08</subfield></datafield><datafield ind1=" " ind2=" " tag="CAT"><subfield code="a">Sys</subfield><subfield code="c">20111017</subfield><subfield code="h">121457</subfield></datafield></record></collection>